%YAML 1.1
%TAG !u! tag:unity3d.com,2011:
--- !u!1 &8469604257963971805
GameObject:
  m_ObjectHideFlags: 0
  m_CorrespondingSourceObject: {fileID: 0}
  m_PrefabInstance: {fileID: 0}
  m_PrefabAsset: {fileID: 0}
  serializedVersion: 6
  m_Component:
  - component: {fileID: 5173480192880848414}
  - component: {fileID: 1774424909717592888}
  - component: {fileID: 4622894014896658905}
  - component: {fileID: 1169008170848756760}
  m_Layer: 0
  m_Name: Cylinder
  m_TagString: Untagged
  m_Icon: {fileID: 0}
  m_NavMeshLayer: 0
  m_StaticEditorFlags: 0
  m_IsActive: 1
--- !u!4 &5173480192880848414
Transform:
  m_ObjectHideFlags: 0
  m_CorrespondingSourceObject: {fileID: 0}
  m_PrefabInstance: {fileID: 0}
  m_PrefabAsset: {fileID: 0}
  m_GameObject: {fileID: 8469604257963971805}
  m_LocalRotation: {x: -0, y: -0.8812389, z: -0, w: 0.47267133}
  m_LocalPosition: {x: -1.25, y: 1, z: -3.49}
  m_LocalScale: {x: 1, y: 1, z: 3}
  m_Children: []
  m_Father: {fileID: 6983541522724539233}
  m_RootOrder: 1
  m_LocalEulerAnglesHint: {x: 0, y: -123.584, z: 0}
--- !u!33 &1774424909717592888
MeshFilter:
  m_ObjectHideFlags: 0
  m_CorrespondingSourceObject: {fileID: 0}
  m_PrefabInstance: {fileID: 0}
  m_PrefabAsset: {fileID: 0}
  m_GameObject: {fileID: 8469604257963971805}
  m_Mesh: {fileID: 10206, guid: 0000000000000000e000000000000000, type: 0}
--- !u!23 &4622894014896658905
MeshRenderer:
  m_ObjectHideFlags: 0
  m_CorrespondingSourceObject: {fileID: 0}
  m_PrefabInstance: {fileID: 0}
  m_PrefabAsset: {fileID: 0}
  m_GameObject: {fileID: 8469604257963971805}
  m_Enabled: 1
  m_CastShadows: 1
  m_ReceiveShadows: 1
  m_DynamicOccludee: 1
  m_MotionVectors: 1
  m_LightProbeUsage: 1
  m_ReflectionProbeUsage: 1
  m_RayTracingMode: 2
  m_RayTraceProcedural: 0
  m_RenderingLayerMask: 1
  m_RendererPriority: 0
  m_Materials:
  - {fileID: 2100000, guid: b12980e8064383d44ae37c8d01fac779, type: 2}
  m_StaticBatchInfo:
    firstSubMesh: 0
    subMeshCount: 0
  m_StaticBatchRoot: {fileID: 0}
  m_ProbeAnchor: {fileID: 0}
  m_LightProbeVolumeOverride: {fileID: 0}
  m_ScaleInLightmap: 1
  m_ReceiveGI: 1
  m_PreserveUVs: 0
  m_IgnoreNormalsForChartDetection: 0
  m_ImportantGI: 0
  m_StitchLightmapSeams: 1
  m_SelectedEditorRenderState: 3
  m_MinimumChartSize: 4
  m_AutoUVMaxDistance: 0.5
  m_AutoUVMaxAngle: 89
  m_LightmapParameters: {fileID: 0}
  m_SortingLayerID: 0
  m_SortingLayer: 0
  m_SortingOrder: 0
  m_AdditionalVertexStreams: {fileID: 0}
--- !u!136 &1169008170848756760
CapsuleCollider:
  m_ObjectHideFlags: 0
  m_CorrespondingSourceObject: {fileID: 0}
  m_PrefabInstance: {fileID: 0}
  m_PrefabAsset: {fileID: 0}
  m_GameObject: {fileID: 8469604257963971805}
  m_Material: {fileID: 0}
  m_IsTrigger: 0
  m_Enabled: 1
  m_Radius: 0.5000001
  m_Height: 2
  m_Direction: 1
  m_Center: {x: 0.000000059604645, y: 0, z: -0.00000008940697}
--- !u!1001 &5903707488966227986
PrefabInstance:
  m_ObjectHideFlags: 0
  serializedVersion: 2
  m_Modification:
    m_TransformParent: {fileID: 0}
    m_Modifications:
    - target: {fileID: 3532133469310874483, guid: 77166b76e909b9b4cb4000377d98baec, type: 3}
      propertyPath: m_RootOrder
      value: 0
      objectReference: {fileID: 0}
    - target: {fileID: 3532133469310874483, guid: 77166b76e909b9b4cb4000377d98baec, type: 3}
      propertyPath: m_LocalPosition.x
      value: 0
      objectReference: {fileID: 0}
    - target: {fileID: 3532133469310874483, guid: 77166b76e909b9b4cb4000377d98baec, type: 3}
      propertyPath: m_LocalPosition.y
      value: 0
      objectReference: {fileID: 0}
    - target: {fileID: 3532133469310874483, guid: 77166b76e909b9b4cb4000377d98baec, type: 3}
      propertyPath: m_LocalPosition.z
      value: 0
      objectReference: {fileID: 0}
    - target: {fileID: 3532133469310874483, guid: 77166b76e909b9b4cb4000377d98baec, type: 3}
      propertyPath: m_LocalRotation.w
      value: 1
      objectReference: {fileID: 0}
    - target: {fileID: 3532133469310874483, guid: 77166b76e909b9b4cb4000377d98baec, type: 3}
      propertyPath: m_LocalRotation.x
      value: 0
      objectReference: {fileID: 0}
    - target: {fileID: 3532133469310874483, guid: 77166b76e909b9b4cb4000377d98baec, type: 3}
      propertyPath: m_LocalRotation.y
      value: 0
      objectReference: {fileID: 0}
    - target: {fileID: 3532133469310874483, guid: 77166b76e909b9b4cb4000377d98baec, type: 3}
      propertyPath: m_LocalRotation.z
      value: 0
      objectReference: {fileID: 0}
    - target: {fileID: 3532133469310874483, guid: 77166b76e909b9b4cb4000377d98baec, type: 3}
      propertyPath: m_LocalEulerAnglesHint.x
      value: 0
      objectReference: {fileID: 0}
    - target: {fileID: 3532133469310874483, guid: 77166b76e909b9b4cb4000377d98baec, type: 3}
      propertyPath: m_LocalEulerAnglesHint.y
      value: 0
      objectReference: {fileID: 0}
    - target: {fileID: 3532133469310874483, guid: 77166b76e909b9b4cb4000377d98baec, type: 3}
      propertyPath: m_LocalEulerAnglesHint.z
      value: 0
      objectReference: {fileID: 0}
    - target: {fileID: 3770054647121441846, guid: 77166b76e909b9b4cb4000377d98baec, type: 3}
      propertyPath: m_Name
      value: Obstacle Variant
      objectReference: {fileID: 0}
    - target: {fileID: 5245840451141606169, guid: 77166b76e909b9b4cb4000377d98baec, type: 3}
      propertyPath: m_LocalPosition.x
      value: -1.05
      objectReference: {fileID: 0}
    - target: {fileID: 5245840451141606169, guid: 77166b76e909b9b4cb4000377d98baec, type: 3}
      propertyPath: m_LocalPosition.z
      value: -1.46
      objectReference: {fileID: 0}
    - target: {fileID: 5245840451141606169, guid: 77166b76e909b9b4cb4000377d98baec, type: 3}
      propertyPath: m_LocalRotation.w
      value: 0.890259
      objectReference: {fileID: 0}
    - target: {fileID: 5245840451141606169, guid: 77166b76e909b9b4cb4000377d98baec, type: 3}
      propertyPath: m_LocalRotation.x
      value: -0
      objectReference: {fileID: 0}
    - target: {fileID: 5245840451141606169, guid: 77166b76e909b9b4cb4000377d98baec, type: 3}
      propertyPath: m_LocalRotation.y
      value: -0.45545462
      objectReference: {fileID: 0}
    - target: {fileID: 5245840451141606169, guid: 77166b76e909b9b4cb4000377d98baec, type: 3}
      propertyPath: m_LocalRotation.z
      value: -0
      objectReference: {fileID: 0}
    - target: {fileID: 5245840451141606169, guid: 77166b76e909b9b4cb4000377d98baec, type: 3}
      propertyPath: m_LocalEulerAnglesHint.y
      value: -54.188
      objectReference: {fileID: 0}
    m_RemovedComponents: []
  m_SourcePrefab: {fileID: 100100000, guid: 77166b76e909b9b4cb4000377d98baec, type: 3}
--- !u!4 &6983541522724539233 stripped
Transform:
  m_CorrespondingSourceObject: {fileID: 3532133469310874483, guid: 77166b76e909b9b4cb4000377d98baec, type: 3}
  m_PrefabInstance: {fileID: 5903707488966227986}
  m_PrefabAsset: {fileID: 0}
